1721 2922
387 76 1153 201 ffiRAEFATm.

56 285 163 327 una
195 282 319 324 curn
351 264 639 322 felicissima
669 268 773 322 vita
795 264 1103 323 Paradifiaea
1121 265 1177 322 8(
1196 263 1357 340 eoepit
1376 262 1432 321 &
1455 265 1566 320 fere

57 342 242 475 {lefiin
298 357 496 396 novam
540 342 877 412 quantumin
911 339 1123 402 (osuit,
1176 336 1566 419 foenerarentur

80 431 253 476 ucem.

208 494 269 551 In
299 491 665 568 dignoscendis
704 492 1018 569 Lapidibus
1038 495 1095 563 ὃς
1120 509 1272 551 terrae
1297 491 1570 567 speciebus

62 568 279 627 diversis
294 565 550 624 inoffenso
572 567 747 642 gradu
769 570 982 643 longius
996 567 1240 645 proceffit
1266 568 1572 623 Hominum

63 643 339 700 industria:
383 644 581 698 etenim
606 642 693 697 ista
708 643 866 699 nobis¹
887 643 1196 716 ubicunque
1222 642 1483 711 degimus,
1499 654 1575 694 to-

65 733 122 774 to
146 716 231 773 die
262 718 379 771 lunt
400 716 576 777 obvia.
653 716 971 772 Seculorum
1004 718 1158 771 etiam
1182 714 1457 789 progressu
1482 714 1576 767 mi·

63 809 124 847 re
151 791 409 846 succrevit
444 789 790 844 ‘Plantarum
811 791 1067 863 cognitiQ
1088 787 1235 863 quod
1260 806 1434 863 neque
1473 786 1575 841 illae

63 883 96 920 e
130 862 413 937 conspeetu
447 864 626 918 nostro
662 861 975 935 diffugiant,
1017 865 1147 937 quin
1185 863 1365 936 potius
1398 862 1450 914 in
1484 877 1573 914 eo·

65 938 193 994 dem
219 939 448 1010 regionis
465 935 975 1010 transtuplerumque
998 950 1426 998 commorentur3
1450 951 1579 1006 prae-

64 1009 241 1068 sertim
274 1029 339 1064 ex
362 1027 472 1085 quo
505 1026 748 1083 tempore
781 1008 1111 1066 instituendis
1138 1011 1329 1065 Hortis
1365 1008 1576 1065 Botani-

66 1086 169 1149 εἰς,
206 1102 305 1140 ceu
329 1083 625 1138 minoribus
646 1083 922 1154 ParadisiS‚
962 1083 1054 1140 ubi
1080 1084 1269 1158 plantae
1290 1097 1485 1138 mutuo
1507 1083 1581 1135 in·-

67 1175 149 1215 ter
169 1155 224 1213 'se
249 1158 482 1213 conferri
509 1156 717 1230 possuit,
736 1157 1054 1230 *diligentior
1084 1159 1271 1214 navata
1291 1157 1366 1213 est
1399 1171 1582 1230 opera.

216 1275 333 1332 Cur
359 1291 538 1331 autem
572 1278 624 1331 in
647 1276 937 1350 Zoolog'ia,
961 1275 1088 1347 ind:
1107 1274 1172 1331 ab
1196 1273 1392 1330 Adami
1429 1287 1581 1330 aetate

70 1352 358 1425 hueusque
389 1348 692 1424 progressus
725 1352 969 1405 omnium
998 1352 1249 1405 minimos
1272 1350 1583 1420 fecerimus,

71 1429 128 1482 in
153 1440 374 1499 promtu
396 1424 560 1481 caufla
584 1425 684 1478 est:
728 1426 929 1498 quippe
954 1425 1134 1497 Sylvis
1164 1428 1212 1479 le
1251 1421 1585 1479 abscondunt

73 1495 492 1576 Qqadrupedia,
502 1500 715 1552 avolant
729 1498 907 1559 Aves,
919 1496 1160 1571 abyssum
1175 1513 1365 1572 petunt
1374 1494 1580 1567 Pisces,

74 1571 299 1628 latebras
324 1587 571 1646 quaerunt
602 1570 914 1643 Amphibia,
955 1570 1176 1638 Infesta
1200 1570 1428 1645 denique
1462 1586 1585 1626 cur·

76 1651 134 1703 iu
153 1689 167 1708 ,
198 1644 326 1700 saltu
346 1686 359 1706 ,
388 1647 593 1714 volatu,
614 1645 798 1702 nostris
822 1644 920 1698 sele
935 1641 1245 1700 subtrahunt
1267 1640 1593 1714 oeuli33ver·'

78 1721 184 1775 bo:
215 1718 448 1774 hominis
479 1716 786 1792 adspethim
809 1719 1010 1790 refugit
1043 1736 1205 1773 omne
1227 1717 1463 1786 Animal,
1488 1732 1588 1773 nec

80 1793 354 1867 Lapidum
387 1793 542 1848 instar
565 1792 622 1848 &
645 1791 974 1852 plantarum,
1011 1791 1132 1847 fixis
1167 1791 1330 1847 haeret
1359 1789 1589 1846 sedibus,

81 1870 220 1925 Haee
245 1873 349 1935 jam
372 1865 464 1921 diu
494 1868 593 1921 fuit
626 1881 784 1939 atque
817 1868 1108 1920 etiamnum
1143 1866 1218 1920 est
1252 1865 1449 1926 cauffii.
1492 1882 1592 1921 cur

83 1938 416 1998 scientiarum
439 1957 668 2013 operum
691 1938 1003 1994 nobiliffima
1020 1938 1346 2001 consederet.
1386 1954 1590 1994 natura:

83 2015 171 2070 vel
216 2018 445 2069 maxime
487 2013 863 2082 conlentanea,
923 2013 980 2069 δε
1028 2015 1256 2074 innoxiae
1302 2012 1594 2086 voluptatis

82 2088 372 2162 pleniffima
414 2086 478 2142 ad
523 2087 636 2141 haec
678 2085 843 2161 usque
890 2102 1130 2160 tempora
1168 2086 1347 2149 rudi3‚
1408 2088 1595 2157 incon-

83 2161 192 2218 dita
257 2177 416 2235 atque
487 2159 731 2232 indigesta
790 2161 1129 2233 permanserit
1157 2204 1171 2222 ,
1252 2155 1468 2234 prorsus
1534 2173 1597 2216 ut

84 2236 187 2292 hac
225 2253 291 2290 ex
331 2249 479 2308 parte
511 2234 722 2289 Barbari
762 2235 923 2289 fimus
951 2276 965 2295 ‚
1018 2250 1500 2308 quantumcunque
1542 2233 1601 2290 in

87 2309 199 2365 aliis
247 2306 433 2363 vversati
491 2308 668 2367 literis,
756 2308 987 2380 Roganti
1039 2308 1236 2381 quibus
1285 2306 1483 2364 usibus‘
1514 2306 1602 2363 vel

86 2383 252 2456 Lapis
312 2382 400 2436 vel
456 2381 633 2436 Planta
688 2381 933 2455 quaedam
978 2383 1217 2438 inserviat
1240 2420 1255 2446 2
1337 2380 1552 2455 plurimi
1584 2417 1599 2442 .

88 2457 213 2512 dato
245 2454 522 2529 relponm,
561 2454 753 2510 facient
783 2455 917 2511 satis,
956 2455 1151 2531 Siquis
1175 2470 1353 2511 autem
1378 2470 1603 2529 percon·

90 2547 230 2587 tatus
264 2528 453 2590 tuerit,
498 2527 752 2592 cuibono
782 2529 840 2584 fit
868 2525 1197 2585 Infestorum
1226 2527 1481 2607 aliquod?
1511 2545 1605 2602 pe·

90 2601 244 2663 xinde
261 2619 322 2660 ae
354 2603 390 2660 si
412 2601 675 2660 indifi‘tum
699 2606 839 2659 foret
862 2601 1150 2672 silentium,
1176 2603 1351 2680 presto
1384 2620 1479 2661 ore
1509 2600 1607 2657 ob·

785 2687 844 2758 )(
885 2702 918 2756 5
1433 2700 1607 2750 mute-
