1721 2922
529 110 1289 184 PRAEFATJG?

151 265 442 321 mutescent
465 282 678 335 omnem,
701 280 791 320 aut
823 279 990 334 certe,
1023 262 1059 319 si
1087 263 1216 338 quid
1252 266 1472 321 omnino
1507 283 1651 339 rege-

150 340 379 394 rendum
407 340 505 401 est,
529 338 594 393 de
621 337 881 411 stupendo
907 339 1284 410 omnipotentis
1313 339 1576 394 Creatoris
1600 358 1654 396 o-

148 431 275 482 pere
300 432 406 468 non
433 412 763 466 verebuntur
786 429 1038 483 regerere,
1064 412 1208 485 quod
1223 411 1418 467 nullius
1443 412 1651 476 situlus:

147 487 328 543 Postea
354 505 511 547 vero,
557 503 727 558 quum
765 484 1027 539 Animalia
1061 485 1220 554 (haut
1254 486 1495 559 fine-pra:
1540 488 1651 541 ravi

148 560 355 621 sumtu,
386 560 420 614 fi
447 562 499 613 in
525 562 658 611 vivis
691 556 849 612 essent
872 557 1090 624 alenda)
1128 559 1327 613 Muleis
1352 559 1451 614 luis
1542 562 1647 614 iva-

145 636 351 690 riorum
375 631 738 706 supplentibus
766 633 953 692 vicem,
972 629 1243 686 adservare
1267 649 1541 703 coeperunt
1563 651 1652 688 cu-

145 708 294 768 riofi,
327 706 594 780 speramus
629 705 757 759 olim
782 706 898 759 lore
925 722 1168 777 tempus,
1208 722 1318 777 quo
1343 705 1651 762 nobiliffima

146 781 262 835 haec
312 780 554 834 Historiae
594 779 997 852 naturalis'pars
1040 777 1103 832 ad
1142 795 1385 850 optatum
1421 778 1651 853 denique

145 855 362 910 culmen
409 852 762 926 perducatur3
812 852 877 907 sic
931 851 1136 923 fortasse
1179 853 1298 906 ieris
1341 851 1650 925 Nepotibus

144 927 469 983 concedatur
502 928 621 980 luce
660 925 942 980 meridiana
975 925 1284 980 clarioribus
1319 923 1522 980 facibus
1558 944 1649 981 eos

140 1002 502 1076 pervestigare
534 1000 759 1054 Naturae
786 998 1106 1061 maeandi·03‚
1151 1001 1200 1053 in
1234 999 1426 1072 quibus
1462 999 1649 1064 hodie,

143 1072 463 1132 tenebricosa
491 1073 712 1145 caligine
749 1072 1086 1144 circumdati,
1129 1071 1386 1146 palpando
1414 1075 1553 1129 viam
1578 1076 1651 1128 in·

144 1166 424 1223 quirimus,
1290 1199 1293 1201 .

288 1220 453 1290 Studii
476 1219 636 1288 huius
663 1237 838 1290 amor,
880 1238 1044 1293 quem
1069 1221 1244 1281 initi0‚
1279 1235 1398 1273 ante
1437 1220 1532 1274 hos
1557 1221 1648 1274 tri·-

142 1297 289 1368 ginta
319 1313 515 1365 annOS,
556 1292 831 1348 modicum
872 1293 988 1347 sane
1021 1312 1119 1348 nec
1143 1293 1256 1347 satis
1289 1293 1562 1347 fervidum
1595 1295 1649 1348 in

141 1389 231 1425 me
255 1367 475 1442 persenffi
493 1409 504 1426 ,
539 1366 806 1440 paullatim
841 1370 1090 1437 animum
1122 1384 1304 1421 meum
1334 1366 1496 1440 usque
1517 1366 1647 1421 adeo

141 1445 310 1517 cepit,
334 1458 393 1496 ut
417 1440 543 1494 nihil
578 1440 746 1512 supra.
787 1440 989 1512 Saepius
1013 1439 1231 1510 quidem
1266 1438 1371 1514 ipse
1407 1441 1536 1503 mihi
1569 1439 1647 1495 di·
1684 1475 1692 1482 -

140 1517 291 1573 &tum
333 1515 587 1589 putabam
629 1513 758 1568 illud
797 1512 997 1567 Poetae:
1287 1547 1289 1549 -

501 1586 748 1662 Studium
775 1586 903 1660 quid
937 1586 1114 1642 inutile
1153 1585 1381 1661 quaeris?

137 1681 314 1737 neque
336 1662 481 1716 aliter
498 1679 580 1714 me
597 1660 1011 1715 dehortabantur
1029 1663 1198 1717 amici.
1225 1659 1312 1715 Ad
1339 1659 1450 1715 haec
1477 1660 1646 1714 inimi-

139 1740 214 1803 ci,
256 1755 340 1790 me
367 1734 705 1807 studiumque
739 1753 921 1788 meum
948 1734 1197 1789 habentes
1213 1733 1511 1807 despicatui,
1534 1732 1648 1788 lub-

132 1811 375 1866 ·ridebant
394 1852 406 1868 ‚
450 1827 545 1863 nec
571 1808 673 1863 fine
701 1809 834 1862 fastu
859 1808 914 1864 &
934 1807 1166 1868 fastidio3
1201 1807 1285 1863 sed
1309 1825 1367 1862 ut
1391 1807 1507 1881 ipsis
1531 1809 1647 1881 qui-

137 1885 262 1949 dem
302 1882 608 1953 videbatur,
650 1900 755 1936 uon
779 1881 879 1936 sine
905 1882 998 1936 sale
1019 1899 1193 1937 tamen
1213 1925 1225 1943 ,
1251 1881 1538 1936 identidem
1561 1890 1648 1953 og-

137 1959 419 2033 gerebantz
463 1955 672 2010 muscos
696 1956 750 2011 ἃ
779 1958 983 2011 muscas
1009 1973 1187 2017 curet,
1216 1958 1318 2025 cui,
1341 1955 1486 2028 quod
1510 1962 1647 2028 agat,

127 2033 268 2090 ‘nihil
293 2029 434 2086 aliud
458 2031 530 2084 est
554 2030 838 2103 reliquum.
894 2028 1100 2084 Verum
1138 2047 1312 2084 tamen
1346 2028 1433 2083 ista
1473 2031 1647 2083 omnia

131 2103 466 2163 'refrenandae
492 2103 643 2158 studii
680 2103 837 2172 hujus
872 2104 1108 2177 cupidini
1145 2103 1443 2157 avidiffimae
1476 2103 1646 2157 neuti-

135 2182 305 2255 'q'uam
323 2177 449 2233 satis
474 2192 652 2241 erant;
692 2179 821 2250 quin
847 2195 932 2231 me
958 2177 1193 2250 quotidie
1218 2176 1512 2232 Do&iffimi
1535 2173 1646 2245 Raji

137 2252 382 2310 effata-in
425 2251 527 2305 hoc
568 2251 799 2305 studium
839 2251 1254 2309 exstimulabant.

188 2331 195 2342 '
286 2325 453 2400 Quod
493 2323 616 2379 DEI
638 2342 798 2397 opera
828 2324 953 2385 fint‚
978 2326 1030 2379 in
1062 2324 1257 2399 quibus
1289 2322 1645 2397 contemplan-

139 2404 220 2461 dis
261 2414 463 2455 memet
501 2415 741 2453 exerceo,
780 2407 793 2417 ‘

156 2503 160 2508 ·
285 2471 449 2554 Quod
502 2472 710 2526 Divinae
760 2473 885 2526 artis
920 2471 976 2528 δε
1010 2473 1254 2545 potentiae
1304 2471 1398 2526 sint
1434 2468 1646 2543 effecta,

135 2544 333 2632 quibus
356 2544 682 2619 inquirendis
711 2545 1014 2600 lucceffivas
1041 2545 1195 2600 horas
1228 2545 1435 2600 addico.
1516 2567 1519 2569 ·
1561 2564 1566 2566 ·
1594 2561 1613 2568 ‘⁴

279 2621 455 2700 Qiod
492 2619 576 2679 ille
597 2636 699 2679 me·
723 2621 778 2680 in,
799 2618 943 2676 hunc
976 2619 1243 2677 mundum‘
1279 2618 1640 2684 introduxerie

190 2709 196 2725 ⁷
227 2714 278 2744 “4
799 2710 825 2732 ’·
1539 2711 1644 2749 tam
